<?xml version="1.0" encoding="UTF-8"?><record xmlns="http://www.loc.gov/MARC21/slim" xmlns:cinclude="http://apache.org/cocoon/include/1.0" xmlns:zs="http://www.loc.gov/zing/srw/">
  <leader>00718nz  a2200157n  4500</leader>
  <controlfield tag="001">no2004021585</controlfield>
  <controlfield tag="003">DLC</controlfield>
  <controlfield tag="005">20040306071120.0</controlfield>
  <controlfield tag="008">040305n| acannaabn          |a ana     c</controlfield>
  <datafield tag="010" ind1=" " ind2=" ">
    <subfield code="a">no2004021585</subfield>
  </datafield>
  <datafield tag="035" ind1=" " ind2=" ">
    <subfield code="a">(OCoLC)oca06289351</subfield>
  </datafield>
  <datafield tag="040" ind1=" " ind2=" ">
    <subfield code="a">DGPO</subfield>
    <subfield code="b">eng</subfield>
    <subfield code="c">DGPO</subfield>
  </datafield>
  <datafield tag="110" ind1="1" ind2=" ">
    <subfield code="a">United States.</subfield>
    <subfield code="t">National Flood Insurance Program Reauthorization Act of 2004</subfield>
  </datafield>
  <datafield tag="410" ind1="1" ind2=" ">
    <subfield code="a">United States.</subfield>
    <subfield code="t">Act to Extend the National Flood Insurance Program</subfield>
  </datafield>
  <datafield tag="410" ind1="1" ind2=" ">
    <subfield code="a">United States.</subfield>
    <subfield code="t">Public Law 108-171</subfield>
  </datafield>
  <datafield tag="670" ind1=" " ind2=" ">
    <subfield code="a">Its An Act to Extend the National Flood Insurance Program, 2003 (Dec. 6):</subfield>
    <subfield code="b">t.p. (An Act to Extend the National Flood Insurance Program) citation title, 117 Stat. 2064 (National Flood Insurance Program Reauthorization Act of 2004)</subfield>
  </datafield>
</record>